<record><leader>00000cas a22000007a 4500</leader><controlfield tag="001">15735931</controlfield><controlfield tag="008">870527d18931902pauwn ne      0    0eng d</controlfield><datafield ind1=" " ind2=" " tag="010"><subfield code="a">sn 87080269 </subfield></datafield><datafield ind1=" " ind2=" " tag="040"><subfield code="a">NPH</subfield><subfield code="b">eng</subfield><subfield code="c">NPH</subfield><subfield code="d">OCLCQ</subfield></datafield><datafield ind1=" " ind2=" " tag="042"><subfield code="a">msc</subfield></datafield><datafield ind1="0" ind2="4" tag="245"><subfield code="a">The Glen Summit breeze.</subfield></datafield><datafield ind1=" " ind2=" " tag="260"><subfield code="a">Glen Summit, Pa. :</subfield><subfield code="b">Amelia Hollenback &amp; Louise Atherton</subfield></datafield><datafield ind1=" " ind2=" " tag="300"><subfield code="a">v. ;</subfield><subfield code="c">22 cm.</subfield></datafield><datafield ind1=" " ind2=" " tag="310"><subfield code="a">Weekly (during the season)</subfield></datafield><datafield ind1="1" ind2=" " tag="362"><subfield code="a">Began in 1893?; ceased in 1902?</subfield></datafield><datafield ind1=" " ind2=" " tag="500"><subfield code="a">Editors: Juliette Hollenback, Mabel Haddock, Harry B. Cox, Aug. 3, 1893-</subfield></datafield><datafield ind1=" " ind2=" " tag="588"><subfield code="a">Description based on: Vol. 1, no. 2 (Aug. 3, 1893).</subfield></datafield><datafield ind1=" " ind2=" " tag="752"><subfield code="a">United States</subfield><subfield code="b">Pennsylvania</subfield><subfield code="c">Luzerne</subfield><subfield code="d">Glen Summit.</subfield></datafield><datafield ind1="1" ind2=" " tag="029"><subfield code="a">AU@</subfield><subfield code="b">000025812377</subfield></datafield></record>